% This file was created with JabRef 2.3.1.
% Encoding: UTF8
@misc{gardBooch,
	title = {Grady Booch, histoire de l'intégration continue},
	howpublished = "\url{https://www.computer.org/profiles/grady-booch}",
	note = "[En ligne; consulté le 04-Février-2019]"
}
@misc{continuousIntegration,
	title = {Continuous Integration},
	howpublished = "\url{https://en.wikipedia.org/wiki/Continuous_integration}",
	note = "[En ligne; consulté le 04-février-2019]"
}
@misc{martinFowler,
	title = {Martin Fowler, Continuous Integration Original Paper},
	howpublished = "\url{https://martinfowler.com/articles/continuousIntegration.html}",
	note = "[En ligne; consulté le 04-février-2019]"
}
@misc{shuttle,
	title = {kShuttle.io, site officiel de Konvergence B\&T},
	howpublished = "\url{https://www.kshuttle.io/en/}",
	note = "[En ligne; consulté le 04-février-2019]"
}

@misc{ifrs16,
	title = {La nouvelle norme IFRS16},
	howpublished = "\url{https://mobility-observatory.arval.fr/comprendre-la-nouvelle-norme-ifrs-16}",
	note = "[En ligne; consulté le 15-avril-2019]"
}
@misc{scrum,
	title = {Scrum.org},
	howpublished = "\url{https://www.scrum.org/resources/what-is-scrum}",
	note = "[En ligne; consulté le 12-février-2018]"
}
@misc{intern,
	title = {Gestionnaire de documentation interne de la R\&D},
	howpublished = "\url{https://edition.konvergence.com/confluence/}",
	note = "[Dernière consultation le 26-août-2019]"
}
@misc{manifesto,
	title = {The Agile Manifesto},
	howpublished = "\url{http://agilemanifesto.org/}",
	note = "[Dernière consultation le 26-août-2019]"
}
@misc{jmeter,
	title = {Documentation officielle d'Apache JMeter},
	howpublished = "\url{https://jmeter.apache.org/index.html}",
	note = "[ Dernière consultation le 03-juin-2019]"
}
@misc{elasticstack,
	title = {Documentation officielle de Elastic Stack},
	howpublished = "\url{https://www.elastic.co/products/elastic-stack}",
	note = "[ Dernière consultation le 22-juillet-2019]"
}
@misc{edureka-elasticstack,
	title = {Tutoriel Elastic Stack - Edureka},
	howpublished = "\url{https://www.edureka.co/blog/elk-stack-tutorial/}",
	note = "[ Dernière consultation le 24-juin-2019]"
}
